<record><leader>00000cas a22000007a 4500</leader><controlfield tag="001">18976425</controlfield><controlfield tag="008">890106d19131929mouwr ne      0    0eng d</controlfield><datafield ind1=" " ind2=" " tag="010"><subfield code="a">sn 88068050 </subfield></datafield><datafield ind1=" " ind2=" " tag="040"><subfield code="a">MQN</subfield><subfield code="b">eng</subfield><subfield code="c">MQN</subfield><subfield code="d">OCLCQ</subfield></datafield><datafield ind1=" " ind2=" " tag="042"><subfield code="a">msc</subfield></datafield><datafield ind1="0" ind2="4" tag="245"><subfield code="a">The Marceline herald.</subfield></datafield><datafield ind1=" " ind2=" " tag="260"><subfield code="a">Marceline, Mo. :</subfield><subfield code="b">Harry C. Webster,</subfield><subfield code="c">1913-1929.</subfield></datafield><datafield ind1=" " ind2=" " tag="300"><subfield code="a">v.</subfield></datafield><datafield ind1=" " ind2=" " tag="310"><subfield code="a">Weekly</subfield></datafield><datafield ind1="0" ind2=" " tag="362"><subfield code="a">Vol. 1, no. 1 (May 23, 1913)-v. 16, no. 52 (May 29, 1929).</subfield></datafield><datafield ind1=" " ind2=" " tag="752"><subfield code="a">United States</subfield><subfield code="b">Missouri</subfield><subfield code="c">Linn</subfield><subfield code="d">Marceline.</subfield></datafield><datafield ind1="0" ind2="7" tag="785"><subfield code="t">Marceline journal-mirror</subfield><subfield code="w">(DLC)sn 92058862</subfield></datafield><datafield ind1="0" ind2="7" tag="785"><subfield code="t">Marceline news</subfield><subfield code="w">(DLC)sn 88068051</subfield></datafield></record>